@article{zhang2014named,
  title={Named data networking},
  author={Zhang, Lixia and Afanasyev, Alexander and Burke, Jeffrey and Jacobson, Van and Crowley, Patrick and Papadopoulos, Christos and Wang, Lan and Zhang, Beichuan and others},
  journal={ACM SIGCOMM Computer Communication Review},
  volume={44},
  number={3},
  pages={66--73},
  year={2014},
  publisher={ACM}
}

@inproceedings{zhang2017ndncert,
  title={NDNCERT: universal usable trust management for NDN},
  author={Zhang, Zhiyi and Afanasyev, Alexander and Zhang, Lixia},
  booktitle={Proceedings of the 4th ACM Conference on Information-Centric Networking},
  pages={178--179},
  year={2017},
  organization={ACM}
}